%YAML 1.1
%TAG !u! tag:unity3d.com,2011:
--- !u!1 &337342134210631807
GameObject:
  m_ObjectHideFlags: 0
  m_CorrespondingSourceObject: {fileID: 0}
  m_PrefabInstance: {fileID: 0}
  m_PrefabAsset: {fileID: 0}
  serializedVersion: 6
  m_Component:
  - component: {fileID: 6673337245201212355}
  - component: {fileID: 572488321689598061}
  - component: {fileID: 4449093795294605031}
  - component: {fileID: 337342134210631806}
  m_Layer: 0
  m_Name: Quad
  m_TagString: Untagged
  m_Icon: {fileID: 0}
  m_NavMeshLayer: 0
  m_StaticEditorFlags: 0
  m_IsActive: 1
--- !u!4 &6673337245201212355
Transform:
  m_ObjectHideFlags: 0
  m_CorrespondingSourceObject: {fileID: 0}
  m_PrefabInstance: {fileID: 0}
  m_PrefabAsset: {fileID: 0}
  m_GameObject: {fileID: 337342134210631807}
  m_LocalRotation: {x: 0, y: 0, z: 0, w: 1}
  m_LocalPosition: {x: 0, y: -0.00117, z: 0}
  m_LocalScale: {x: 0.032, y: 0.029656045, z: 0.01}
  m_Children: []
  m_Father: {fileID: 7084679693309379547}
  m_RootOrder: 0
  m_LocalEulerAnglesHint: {x: 0, y: 0, z: 0}
--- !u!33 &572488321689598061
MeshFilter:
  m_ObjectHideFlags: 0
  m_CorrespondingSourceObject: {fileID: 0}
  m_PrefabInstance: {fileID: 0}
  m_PrefabAsset: {fileID: 0}
  m_GameObject: {fileID: 337342134210631807}
  m_Mesh: {fileID: 10210, guid: 0000000000000000e000000000000000, type: 0}
--- !u!23 &4449093795294605031
MeshRenderer:
  m_ObjectHideFlags: 0
  m_CorrespondingSourceObject: {fileID: 0}
  m_PrefabInstance: {fileID: 0}
  m_PrefabAsset: {fileID: 0}
  m_GameObject: {fileID: 337342134210631807}
  m_Enabled: 1
  m_CastShadows: 0
  m_ReceiveShadows: 0
  m_DynamicOccludee: 1
  m_MotionVectors: 2
  m_LightProbeUsage: 0
  m_ReflectionProbeUsage: 0
  m_RayTracingMode: 2
  m_RayTraceProcedural: 0
  m_RenderingLayerMask: 1
  m_RendererPriority: 0
  m_Materials:
  - {fileID: 0}
  m_StaticBatchInfo:
    firstSubMesh: 0
    subMeshCount: 0
  m_StaticBatchRoot: {fileID: 0}
  m_ProbeAnchor: {fileID: 0}
  m_LightProbeVolumeOverride: {fileID: 0}
  m_ScaleInLightmap: 1
  m_ReceiveGI: 1
  m_PreserveUVs: 0
  m_IgnoreNormalsForChartDetection: 0
  m_ImportantGI: 0
  m_StitchLightmapSeams: 0
  m_SelectedEditorRenderState: 3
  m_MinimumChartSize: 4
  m_AutoUVMaxDistance: 0.5
  m_AutoUVMaxAngle: 89
  m_LightmapParameters: {fileID: 0}
  m_SortingLayerID: 0
  m_SortingLayer: 0
  m_SortingOrder: 0
  m_AdditionalVertexStreams: {fileID: 0}
--- !u!114 &337342134210631806
MonoBehaviour:
  m_ObjectHideFlags: 0
  m_CorrespondingSourceObject: {fileID: 0}
  m_PrefabInstance: {fileID: 0}
  m_PrefabAsset: {fileID: 0}
  m_GameObject: {fileID: 337342134210631807}
  m_Enabled: 1
  m_EditorHideFlags: 0
  m_Script: {fileID: 11500000, guid: caf309545b476f649949bf93bf4830d1, type: 3}
  m_Name: 
  m_EditorClassIdentifier: 
  defaultMaterials:
  - {fileID: 2100000, guid: 2e7ee0c64b3021a46be96a51517a1d94, type: 2}
--- !u!1 &1836308007522834824
GameObject:
  m_ObjectHideFlags: 0
  m_CorrespondingSourceObject: {fileID: 0}
  m_PrefabInstance: {fileID: 0}
  m_PrefabAsset: {fileID: 0}
  serializedVersion: 6
  m_Component:
  - component: {fileID: 3364160131051916636}
  - component: {fileID: 5801299594743282681}
  - component: {fileID: 4703984814506029787}
  - component: {fileID: 210320631160036746}
  - component: {fileID: 1836308007522834831}
  m_Layer: 0
  m_Name: HighlightPlate
  m_TagString: Untagged
  m_Icon: {fileID: 0}
  m_NavMeshLayer: 0
  m_StaticEditorFlags: 0
  m_IsActive: 1
--- !u!4 &3364160131051916636
Transform:
  m_ObjectHideFlags: 0
  m_CorrespondingSourceObject: {fileID: 0}
  m_PrefabInstance: {fileID: 0}
  m_PrefabAsset: {fileID: 0}
  m_GameObject: {fileID: 1836308007522834824}
  m_LocalRotation: {x: 0, y: 0, z: 0, w: 1}
  m_LocalPosition: {x: 0, y: 0, z: -0.5}
  m_LocalScale: {x: 1, y: 1, z: 1}
  m_Children: []
  m_Father: {fileID: 5007262471433081040}
  m_RootOrder: 0
  m_LocalEulerAnglesHint: {x: 0, y: 0, z: 0}
--- !u!33 &5801299594743282681
MeshFilter:
  m_ObjectHideFlags: 0
  m_CorrespondingSourceObject: {fileID: 0}
  m_PrefabInstance: {fileID: 0}
  m_PrefabAsset: {fileID: 0}
  m_GameObject: {fileID: 1836308007522834824}
  m_Mesh: {fileID: 10210, guid: 0000000000000000e000000000000000, type: 0}
--- !u!23 &4703984814506029787
MeshRenderer:
  m_ObjectHideFlags: 0
  m_CorrespondingSourceObject: {fileID: 0}
  m_PrefabInstance: {fileID: 0}
  m_PrefabAsset: {fileID: 0}
  m_GameObject: {fileID: 1836308007522834824}
  m_Enabled: 1
  m_CastShadows: 0
  m_ReceiveShadows: 0
  m_DynamicOccludee: 1
  m_MotionVectors: 2
  m_LightProbeUsage: 0
  m_ReflectionProbeUsage: 0
  m_RayTracingMode: 2
  m_RayTraceProcedural: 0
  m_RenderingLayerMask: 1
  m_RendererPriority: 0
  m_Materials:
  - {fileID: 0}
  m_StaticBatchInfo:
    firstSubMesh: 0
    subMeshCount: 0
  m_StaticBatchRoot: {fileID: 0}
  m_ProbeAnchor: {fileID: 0}
  m_LightProbeVolumeOverride: {fileID: 0}
  m_ScaleInLightmap: 1
  m_ReceiveGI: 1
  m_PreserveUVs: 0
  m_IgnoreNormalsForChartDetection: 0
  m_ImportantGI: 0
  m_StitchLightmapSeams: 0
  m_SelectedEditorRenderState: 3
  m_MinimumChartSize: 4
  m_AutoUVMaxDistance: 0.5
  m_AutoUVMaxAngle: 89
  m_LightmapParameters: {fileID: 0}
  m_SortingLayerID: 0
  m_SortingLayer: 0
  m_SortingOrder: 0
  m_AdditionalVertexStreams: {fileID: 0}
--- !u!114 &210320631160036746
MonoBehaviour:
  m_ObjectHideFlags: 0
  m_CorrespondingSourceObject: {fileID: 0}
  m_PrefabInstance: {fileID: 0}
  m_PrefabAsset: {fileID: 0}
  m_GameObject: {fileID: 1836308007522834824}
  m_Enabled: 1
  m_EditorHideFlags: 0
  m_Script: {fileID: 11500000, guid: 36065390e01a3cd40b87e4bf4acd02f9, type: 3}
  m_Name: 
  m_EditorClassIdentifier: 
--- !u!114 &1836308007522834831
MonoBehaviour:
  m_ObjectHideFlags: 0
  m_CorrespondingSourceObject: {fileID: 0}
  m_PrefabInstance: {fileID: 0}
  m_PrefabAsset: {fileID: 0}
  m_GameObject: {fileID: 1836308007522834824}
  m_Enabled: 1
  m_EditorHideFlags: 0
  m_Script: {fileID: 11500000, guid: caf309545b476f649949bf93bf4830d1, type: 3}
  m_Name: 
  m_EditorClassIdentifier: 
  defaultMaterials:
  - {fileID: 2100000, guid: 329cdefad4cf0f14e9b6767d0af094b0, type: 2}
--- !u!1 &3933856227828130129
GameObject:
  m_ObjectHideFlags: 0
  m_CorrespondingSourceObject: {fileID: 0}
  m_PrefabInstance: {fileID: 0}
  m_PrefabAsset: {fileID: 0}
  serializedVersion: 6
  m_Component:
  - component: {fileID: 7090950454829079239}
  m_Layer: 0
  m_Name: IconAndText
  m_TagString: Untagged
  m_Icon: {fileID: 0}
  m_NavMeshLayer: 0
  m_StaticEditorFlags: 0
  m_IsActive: 1
--- !u!4 &7090950454829079239
Transform:
  m_ObjectHideFlags: 0
  m_CorrespondingSourceObject: {fileID: 0}
  m_PrefabInstance: {fileID: 0}
  m_PrefabAsset: {fileID: 0}
  m_GameObject: {fileID: 3933856227828130129}
  m_LocalRotation: {x: 0, y: 0, z: 0, w: 1}
  m_LocalPosition: {x: 0, y: 0, z: 0}
  m_LocalScale: {x: 1, y: 1, z: 1}
  m_Children:
  - {fileID: 4063940637297020379}
  - {fileID: 5007262472355319458}
  m_Father: {fileID: 5007262471349508528}
  m_RootOrder: 3
  m_LocalEulerAnglesHint: {x: 0, y: 0, z: 0}
--- !u!1 &5007262471433081041
GameObject:
  m_ObjectHideFlags: 0
  m_CorrespondingSourceObject: {fileID: 0}
  m_PrefabInstance: {fileID: 0}
  m_PrefabAsset: {fileID: 0}
  serializedVersion: 6
  m_Component:
  - component: {fileID: 5007262471433081040}
  - component: {fileID: 5007262471433081037}
  - component: {fileID: 5007262471433081038}
  - component: {fileID: 8792760815021064635}
  - component: {fileID: 5007262471433081047}
  m_Layer: 0
  m_Name: FrontPlate
  m_TagString: Untagged
  m_Icon: {fileID: 0}
  m_NavMeshLayer: 0
  m_StaticEditorFlags: 0
  m_IsActive: 1
--- !u!4 &5007262471433081040
Transform:
  m_ObjectHideFlags: 0
  m_CorrespondingSourceObject: {fileID: 0}
  m_PrefabInstance: {fileID: 0}
  m_PrefabAsset: {fileID: 0}
  m_GameObject: {fileID: 5007262471433081041}
  m_LocalRotation: {x: -0, y: -0, z: -0, w: 1}
  m_LocalPosition: {x: 0, y: 0, z: -0.008}
  m_LocalScale: {x: 0.032, y: 0.032, z: 0.016}
  m_Children:
  - {fileID: 3364160131051916636}
  m_Father: {fileID: 6361470637189102123}
  m_RootOrder: 0
  m_LocalEulerAnglesHint: {x: 0, y: 0, z: 0}
--- !u!33 &5007262471433081037
MeshFilter:
  m_ObjectHideFlags: 0
  m_CorrespondingSourceObject: {fileID: 0}
  m_PrefabInstance: {fileID: 0}
  m_PrefabAsset: {fileID: 0}
  m_GameObject: {fileID: 5007262471433081041}
  m_Mesh: {fileID: 10202, guid: 0000000000000000e000000000000000, type: 0}
--- !u!23 &5007262471433081038
MeshRenderer:
  m_ObjectHideFlags: 0
  m_CorrespondingSourceObject: {fileID: 0}
  m_PrefabInstance: {fileID: 0}
  m_PrefabAsset: {fileID: 0}
  m_GameObject: {fileID: 5007262471433081041}
  m_Enabled: 1
  m_CastShadows: 1
  m_ReceiveShadows: 1
  m_DynamicOccludee: 1
  m_MotionVectors: 1
  m_LightProbeUsage: 1
  m_ReflectionProbeUsage: 1
  m_RayTracingMode: 2
  m_RayTraceProcedural: 0
  m_RenderingLayerMask: 4294967295
  m_RendererPriority: 0
  m_Materials:
  - {fileID: 0}
  m_StaticBatchInfo:
    firstSubMesh: 0
    subMeshCount: 0
  m_StaticBatchRoot: {fileID: 0}
  m_ProbeAnchor: {fileID: 0}
  m_LightProbeVolumeOverride: {fileID: 0}
  m_ScaleInLightmap: 1
  m_ReceiveGI: 1
  m_PreserveUVs: 1
  m_IgnoreNormalsForChartDetection: 0
  m_ImportantGI: 0
  m_StitchLightmapSeams: 0
  m_SelectedEditorRenderState: 3
  m_MinimumChartSize: 4
  m_AutoUVMaxDistance: 0.5
  m_AutoUVMaxAngle: 89
  m_LightmapParameters: {fileID: 0}
  m_SortingLayerID: 0
  m_SortingLayer: 0
  m_SortingOrder: 0
  m_AdditionalVertexStreams: {fileID: 0}
--- !u!114 &8792760815021064635
MonoBehaviour:
  m_ObjectHideFlags: 0
  m_CorrespondingSourceObject: {fileID: 0}
  m_PrefabInstance: {fileID: 0}
  m_PrefabAsset: {fileID: 0}
  m_GameObject: {fileID: 5007262471433081041}
  m_Enabled: 1
  m_EditorHideFlags: 0
  m_Script: {fileID: 11500000, guid: 36065390e01a3cd40b87e4bf4acd02f9, type: 3}
  m_Name: 
  m_EditorClassIdentifier: 
--- !u!114 &5007262471433081047
MonoBehaviour:
  m_ObjectHideFlags: 0
  m_CorrespondingSourceObject: {fileID: 0}
  m_PrefabInstance: {fileID: 0}
  m_PrefabAsset: {fileID: 0}
  m_GameObject: {fileID: 5007262471433081041}
  m_Enabled: 1
  m_EditorHideFlags: 0
  m_Script: {fileID: 11500000, guid: caf309545b476f649949bf93bf4830d1, type: 3}
  m_Name: 
  m_EditorClassIdentifier: 
  defaultMaterials:
  - {fileID: 2100000, guid: 38a587e9218b3284485088c9925af61f, type: 2}
--- !u!1 &5007262471869079377
GameObject:
  m_ObjectHideFlags: 0
  m_CorrespondingSourceObject: {fileID: 0}
  m_PrefabInstance: {fileID: 0}
  m_PrefabAsset: {fileID: 0}
  serializedVersion: 6
  m_Component:
  - component: {fileID: 5007262471349508528}
  - component: {fileID: 5007262471869079373}
  - component: {fileID: 5138629229252617923}
  - component: {fileID: 5007262471869079375}
  - component: {fileID: 2467504465904022002}
  - component: {fileID: 5007262471869079376}
  - component: {fileID: 6431391848985298937}
  - component: {fileID: 3409201501506647400}
  - component: {fileID: 522685882747667665}
  m_Layer: 0
  m_Name: PressableButtonHoloLens2
  m_TagString: Untagged
  m_Icon: {fileID: 0}
  m_NavMeshLayer: 0
  m_StaticEditorFlags: 0
  m_IsActive: 1
--- !u!4 &5007262471349508528
Transform:
  m_ObjectHideFlags: 0
  m_CorrespondingSourceObject: {fileID: 0}
  m_PrefabInstance: {fileID: 0}
  m_PrefabAsset: {fileID: 0}
  m_GameObject: {fileID: 5007262471869079377}
  m_LocalRotation: {x: -0, y: -0, z: -0, w: 1}
  m_LocalPosition: {x: 0.017, y: -0.017, z: 0}
  m_LocalScale: {x: 1, y: 1, z: 1}
  m_Children:
  - {fileID: 5007262472505013291}
  - {fileID: 6361470637189102123}
  - {fileID: 7084679693309379547}
  - {fileID: 7090950454829079239}
  m_Father: {fileID: 0}
  m_RootOrder: 0
  m_LocalEulerAnglesHint: {x: 0, y: 0, z: 0}
--- !u!65 &5007262471869079373
BoxCollider:
  m_ObjectHideFlags: 0
  m_CorrespondingSourceObject: {fileID: 0}
  m_PrefabInstance: {fileID: 0}
  m_PrefabAsset: {fileID: 0}
  m_GameObject: {fileID: 5007262471869079377}
  m_Material: {fileID: 0}
  m_IsTrigger: 0
  m_Enabled: 1
  serializedVersion: 2
  m_Size: {x: 0.032, y: 0.032, z: 0.016}
  m_Center: {x: 0, y: 0, z: 0}
--- !u!114 &5138629229252617923
MonoBehaviour:
  m_ObjectHideFlags: 0
  m_CorrespondingSourceObject: {fileID: 0}
  m_PrefabInstance: {fileID: 0}
  m_PrefabAsset: {fileID: 0}
  m_GameObject: {fileID: 5007262471869079377}
  m_Enabled: 1
  m_EditorHideFlags: 0
  m_Script: {fileID: 11500000, guid: f98e7663599230e419addf153615c144, type: 3}
  m_Name: 
  m_EditorClassIdentifier: 
  movingButtonVisuals: {fileID: 5007262472505013292}
  distanceSpaceMode: 1
  startPushDistance: -0.008
  maxPushDistance: 0.006
  pressDistance: 0.0005
  releaseDistanceDelta: 0.002
  returnSpeed: 25
  releaseOnTouchEnd: 0
  enforceFrontPush: 1
  TouchBegin:
    m_PersistentCalls:
      m_Calls:
      - m_Target: {fileID: 5007262471869079375}
        m_TargetAssemblyTypeName: 
        m_MethodName: OnHandPressTouched
        m_Mode: 1
        m_Arguments:
          m_ObjectArgument: {fileID: 0}
          m_ObjectArgumentAssemblyTypeName: UnityEngine.Object, UnityEngine
          m_IntArgument: 0
          m_FloatArgument: 0
          m_StringArgument: 
          m_BoolArgument: 0
        m_CallState: 2
      - m_Target: {fileID: 5007262471869079376}
        m_TargetAssemblyTypeName: 
        m_MethodName: PlayOneShot
        m_Mode: 2
        m_Arguments:
          m_ObjectArgument: {fileID: 8300000, guid: 291bf9326e517b0489c2ee53d0a6a63f, type: 3}
          m_ObjectArgumentAssemblyTypeName: UnityEngine.AudioClip, UnityEngine
          m_IntArgument: 0
          m_FloatArgument: 0
          m_StringArgument: 
          m_BoolArgument: 0
        m_CallState: 2
  TouchEnd:
    m_PersistentCalls:
      m_Calls:
      - m_Target: {fileID: 5007262471869079375}
        m_TargetAssemblyTypeName: 
        m_MethodName: OnHandPressUntouched
        m_Mode: 1
        m_Arguments:
          m_ObjectArgument: {fileID: 0}
          m_ObjectArgumentAssemblyTypeName: UnityEngine.Object, UnityEngine
          m_IntArgument: 0
          m_FloatArgument: 0
          m_StringArgument: 
          m_BoolArgument: 0
        m_CallState: 2
  ButtonPressed:
    m_PersistentCalls:
      m_Calls:
      - m_Target: {fileID: 5007262471869079375}
        m_TargetAssemblyTypeName: 
        m_MethodName: OnHandPressTriggered
        m_Mode: 1
        m_Arguments:
          m_ObjectArgument: {fileID: 0}
          m_ObjectArgumentAssemblyTypeName: UnityEngine.Object, UnityEngine
          m_IntArgument: 0
          m_FloatArgument: 0
          m_StringArgument: 
          m_BoolArgument: 0
        m_CallState: 2
  ButtonReleased:
    m_PersistentCalls:
      m_Calls:
      - m_Target: {fileID: 5007262471869079375}
        m_TargetAssemblyTypeName: 
        m_MethodName: OnHandPressCompleted
        m_Mode: 1
        m_Arguments:
          m_ObjectArgument: {fileID: 0}
          m_ObjectArgumentAssemblyTypeName: UnityEngine.Object, UnityEngine
          m_IntArgument: 0
          m_FloatArgument: 0
          m_StringArgument: 
          m_BoolArgument: 0
        m_CallState: 2
  movingButtonIconText: {fileID: 3933856227828130129}
  compressableButtonVisuals: {fileID: 8030010478052691617}
  minCompressPercentage: 0.25
  highlightPlate: {fileID: 4703984814506029787}
  highlightPlateAnimationTime: 0.25
--- !u!114 &5007262471869079375
MonoBehaviour:
  m_ObjectHideFlags: 0
  m_CorrespondingSourceObject: {fileID: 0}
  m_PrefabInstance: {fileID: 0}
  m_PrefabAsset: {fileID: 0}
  m_GameObject: {fileID: 5007262471869079377}
  m_Enabled: 1
  m_EditorHideFlags: 0
  m_Script: {fileID: 11500000, guid: 881d1ff8f009f5148b9f192e6ba31223, type: 3}
  m_Name: 
  m_EditorClassIdentifier: 
  routingTarget: {fileID: 2467504465904022002}
  InteractableOnClick: 0
--- !u!114 &2467504465904022002
MonoBehaviour:
  m_ObjectHideFlags: 0
  m_CorrespondingSourceObject: {fileID: 0}
  m_PrefabInstance: {fileID: 0}
  m_PrefabAsset: {fileID: 0}
  m_GameObject: {fileID: 5007262471869079377}
  m_Enabled: 1
  m_EditorHideFlags: 0
  m_Script: {fileID: 11500000, guid: 1410eac1ae94b4d4492a09cc368e152c, type: 3}
  m_Name: 
  m_EditorClassIdentifier: 
  states: {fileID: 11400000, guid: e51893c8eb7938e4ba43985af43c0f72, type: 2}
  InputActionId: 0
  isGlobal: 0
  Dimensions: 1
  dimensionIndex: 0
  startDimensionIndex: 0
  CanSelect: 0
  CanDeselect: 0
  VoiceCommand: Select
  voiceRequiresFocus: 1
  profiles:
  - Target: {fileID: 5007262471433081041}
    Themes:
    - {fileID: 11400000, guid: 8f8cfb3041153fa45bccb6d664a563ec, type: 2}
  - Target: {fileID: 0}
    Themes:
    - {fileID: 11400000, guid: 087b16002c2b0b445baa3ed3beae44a9, type: 2}
  OnClick:
    m_PersistentCalls:
      m_Calls:
      - m_Target: {fileID: 522685882747667665}
        m_TargetAssemblyTypeName: NoteOb, Assembly-CSharp
        m_MethodName: Click
        m_Mode: 1
        m_Arguments:
          m_ObjectArgument: {fileID: 0}
          m_ObjectArgumentAssemblyTypeName: UnityEngine.Object, UnityEngine
          m_IntArgument: 0
          m_FloatArgument: 0
          m_StringArgument: 
          m_BoolArgument: 0
        m_CallState: 2
  Events:
  - Event:
      m_PersistentCalls:
        m_Calls:
        - m_Target: {fileID: 5138629229252617923}
          m_TargetAssemblyTypeName: 
          m_MethodName: AnimateInHighlightPlate
          m_Mode: 1
          m_Arguments:
            m_ObjectArgument: {fileID: 0}
            m_ObjectArgumentAssemblyTypeName: UnityEngine.Object, UnityEngine
            m_IntArgument: 0
            m_FloatArgument: 0
            m_StringArgument: 
            m_BoolArgument: 0
          m_CallState: 2
    ClassName: InteractableOnFocusReceiver
    AssemblyQualifiedName: Microsoft.MixedReality.Toolkit.UI.InteractableOnFocusReceiver,
      Microsoft.MixedReality.Toolkit.SDK
    Settings:
    - Type: 18
      Label: On Focus Off
      Name: OnFocusOff
      Tooltip: Focus has left the object
      IntValue: 0
      StringValue: 
      FloatValue: 0
      BoolValue: 0
      GameObjectValue: {fileID: 0}
      ScriptableObjectValue: {fileID: 0}
      ObjectValue: {fileID: 0}
      MaterialValue: {fileID: 0}
      TextureValue: {fileID: 0}
      ColorValue: {r: 0, g: 0, b: 0, a: 0}
      Vector2Value: {x: 0, y: 0}
      Vector3Value: {x: 0, y: 0, z: 0}
      Vector4Value: {x: 0, y: 0, z: 0, w: 0}
      CurveValue:
        serializedVersion: 2
        m_Curve: []
        m_PreInfinity: 0
        m_PostInfinity: 0
        m_RotationOrder: 0
      AudioClipValue: {fileID: 0}
      QuaternionValue: {x: 0, y: 0, z: 0, w: 0}
      EventValue:
        m_PersistentCalls:
          m_Calls:
          - m_Target: {fileID: 5138629229252617923}
            m_TargetAssemblyTypeName: 
            m_MethodName: AnimateOutHighlightPlate
            m_Mode: 1
            m_Arguments:
              m_ObjectArgument: {fileID: 0}
              m_ObjectArgumentAssemblyTypeName: UnityEngine.Object, UnityEngine
              m_IntArgument: 0
              m_FloatArgument: 0
              m_StringArgument: 
              m_BoolArgument: 0
            m_CallState: 2
      Options: []
  - Event:
      m_PersistentCalls:
        m_Calls:
        - m_Target: {fileID: 5007262471869079376}
          m_TargetAssemblyTypeName: 
          m_MethodName: PlayOneShot
          m_Mode: 2
          m_Arguments:
            m_ObjectArgument: {fileID: 8300000, guid: 291bf9326e517b0489c2ee53d0a6a63f, type: 3}
            m_ObjectArgumentAssemblyTypeName: UnityEngine.AudioClip, UnityEngine
            m_IntArgument: 0
            m_FloatArgument: 0
            m_StringArgument: 
            m_BoolArgument: 0
          m_CallState: 2
    ClassName: InteractableOnPressReceiver
    AssemblyQualifiedName: Microsoft.MixedReality.Toolkit.UI.InteractableOnPressReceiver,
      Microsoft.MixedReality.Toolkit.SDK
    Settings:
    - Type: 18
      Label: On Release
      Name: OnRelease
      Tooltip: The button is released
      IntValue: 0
      StringValue: 
      FloatValue: 0
      BoolValue: 0
      GameObjectValue: {fileID: 0}
      ScriptableObjectValue: {fileID: 0}
      ObjectValue: {fileID: 0}
      MaterialValue: {fileID: 0}
      TextureValue: {fileID: 0}
      ColorValue: {r: 0, g: 0, b: 0, a: 0}
      Vector2Value: {x: 0, y: 0}
      Vector3Value: {x: 0, y: 0, z: 0}
      Vector4Value: {x: 0, y: 0, z: 0, w: 0}
      CurveValue:
        serializedVersion: 2
        m_Curve: []
        m_PreInfinity: 0
        m_PostInfinity: 0
        m_RotationOrder: 0
      AudioClipValue: {fileID: 0}
      QuaternionValue: {x: 0, y: 0, z: 0, w: 0}
      EventValue:
        m_PersistentCalls:
          m_Calls: []
      Options: []
    - Type: 5
      Label: Interaction Filter
      Name: InteractionFilter
      Tooltip: Specify whether press event is for near or far interaction
      IntValue: 2
      StringValue: 
      FloatValue: 0
      BoolValue: 0
      GameObjectValue: {fileID: 0}
      ScriptableObjectValue: {fileID: 0}
      ObjectValue: {fileID: 0}
      MaterialValue: {fileID: 0}
      TextureValue: {fileID: 0}
      ColorValue: {r: 0, g: 0, b: 0, a: 0}
      Vector2Value: {x: 0, y: 0}
      Vector3Value: {x: 0, y: 0, z: 0}
      Vector4Value: {x: 0, y: 0, z: 0, w: 0}
      CurveValue:
        serializedVersion: 2
        m_Curve: []
        m_PreInfinity: 0
        m_PostInfinity: 0
        m_RotationOrder: 0
      AudioClipValue: {fileID: 0}
      QuaternionValue: {x: 0, y: 0, z: 0, w: 0}
      EventValue:
        m_PersistentCalls:
          m_Calls: []
      Options:
      - Near and Far
      - Near Only
      - Far Only
  resetOnDestroy: 0
  enabledOnStart: 1
--- !u!82 &5007262471869079376
AudioSource:
  m_ObjectHideFlags: 0
  m_CorrespondingSourceObject: {fileID: 0}
  m_PrefabInstance: {fileID: 0}
  m_PrefabAsset: {fileID: 0}
  m_GameObject: {fileID: 5007262471869079377}
  m_Enabled: 1
  serializedVersion: 4
  OutputAudioMixerGroup: {fileID: 0}
  m_audioClip: {fileID: 0}
  m_PlayOnAwake: 1
  m_Volume: 1
  m_Pitch: 1
  Loop: 0
  Mute: 0
  Spatialize: 0
  SpatializePostEffects: 0
  Priority: 128
  DopplerLevel: 1
  MinDistance: 1
  MaxDistance: 500
  Pan2D: 0
  rolloffMode: 0
  BypassEffects: 0
  BypassListenerEffects: 0
  BypassReverbZones: 0
  rolloffCustomCurve:
    serializedVersion: 2
    m_Curve:
    - serializedVersion: 3
      time: 0
      value: 1
      inSlope: 0
      outSlope: 0
      tangentMode: 0
      weightedMode: 0
      inWeight: 0.33333334
      outWeight: 0.33333334
    - serializedVersion: 3
      time: 1
      value: 0
      inSlope: 0
      outSlope: 0
      tangentMode: 0
      weightedMode: 0
      inWeight: 0.33333334
      outWeight: 0.33333334
    m_PreInfinity: 2
    m_PostInfinity: 2
    m_RotationOrder: 4
  panLevelCustomCurve:
    serializedVersion: 2
    m_Curve:
    - serializedVersion: 3
      time: 0
      value: 0
      inSlope: 0
      outSlope: 0
      tangentMode: 0
      weightedMode: 0
      inWeight: 0.33333334
      outWeight: 0.33333334
    m_PreInfinity: 2
    m_PostInfinity: 2
    m_RotationOrder: 4
  spreadCustomCurve:
    serializedVersion: 2
    m_Curve:
    - serializedVersion: 3
      time: 0
      value: 0
      inSlope: 0
      outSlope: 0
      tangentMode: 0
      weightedMode: 0
      inWeight: 0.33333334
      outWeight: 0.33333334
    m_PreInfinity: 2
    m_PostInfinity: 2
    m_RotationOrder: 4
  reverbZoneMixCustomCurve:
    serializedVersion: 2
    m_Curve:
    - serializedVersion: 3
      time: 0
      value: 1
      inSlope: 0
      outSlope: 0
      tangentMode: 0
      weightedMode: 0
      inWeight: 0.33333334
      outWeight: 0.33333334
    m_PreInfinity: 2
    m_PostInfinity: 2
    m_RotationOrder: 4
--- !u!114 &6431391848985298937
MonoBehaviour:
  m_ObjectHideFlags: 0
  m_CorrespondingSourceObject: {fileID: 0}
  m_PrefabInstance: {fileID: 0}
  m_PrefabAsset: {fileID: 0}
  m_GameObject: {fileID: 5007262471869079377}
  m_Enabled: 1
  m_EditorHideFlags: 0
  m_Script: {fileID: 11500000, guid: 98c748f3768ab714a8449b60fb9edc5c, type: 3}
  m_Name: 
  m_EditorClassIdentifier: 
  eventsToReceive: 0
  debounceThreshold: 0.01
  localForward: {x: 0, y: 0, z: -1}
  localUp: {x: 0, y: 1, z: 0}
  localCenter: {x: 0, y: 0, z: -0.008}
  bounds: {x: 0.032, y: 0.032}
  touchableCollider: {fileID: 5007262471869079373}
--- !u!114 &3409201501506647400
MonoBehaviour:
  m_ObjectHideFlags: 0
  m_CorrespondingSourceObject: {fileID: 0}
  m_PrefabInstance: {fileID: 0}
  m_PrefabAsset: {fileID: 0}
  m_GameObject: {fileID: 5007262471869079377}
  m_Enabled: 1
  m_EditorHideFlags: 0
  m_Script: {fileID: 11500000, guid: 2cf098d972aeb8b4daa70b00381af006, type: 3}
  m_Name: 
  m_EditorClassIdentifier: 
  mainLabelText: {fileID: 5007262472355319457}
  interactable: {fileID: 2467504465904022002}
  seeItSayItLabel: {fileID: 0}
  seeItSayItLabelText: {fileID: 0}
  iconStyle: 3
  iconCharLabel: {fileID: 0}
  iconCharFont: {fileID: 0}
  iconChar: 0
  iconSpriteRenderer: {fileID: 0}
  iconSprite: {fileID: 21300000, guid: 20f25674b9512834f88938d45ed495d7, type: 3}
  iconQuadRenderer: {fileID: 0}
  iconQuadTextureNameID: _MainTex
  iconQuadTexture: {fileID: 2800000, guid: b5066c514f7f02f4292cf842f3c8b75f, type: 3}
  defaultButtonQuadMaterial: {fileID: 0}
  iconSet: {fileID: 11400000, guid: 8b386ef895f7c924f8c4b03d1d3ed683, type: 2}
  defaultIconSet: {fileID: 0}
--- !u!114 &522685882747667665
MonoBehaviour:
  m_ObjectHideFlags: 0
  m_CorrespondingSourceObject: {fileID: 0}
  m_PrefabInstance: {fileID: 0}
  m_PrefabAsset: {fileID: 0}
  m_GameObject: {fileID: 5007262471869079377}
  m_Enabled: 1
  m_EditorHideFlags: 0
  m_Script: {fileID: 11500000, guid: b0411c32ff300bb47a4d004c845c10c7, type: 3}
  m_Name: 
  m_EditorClassIdentifier: 
  notePrefabTitle: {fileID: 953164228154078841}
  notePrefabDescription: {fileID: 5007262472355319457}
--- !u!1 &5007262472505013292
GameObject:
  m_ObjectHideFlags: 0
  m_CorrespondingSourceObject: {fileID: 0}
  m_PrefabInstance: {fileID: 0}
  m_PrefabAsset: {fileID: 0}
  serializedVersion: 6
  m_Component:
  - component: {fileID: 5007262472505013291}
  m_Layer: 0
  m_Name: ButtonContent
  m_TagString: Untagged
  m_Icon: {fileID: 0}
  m_NavMeshLayer: 0
  m_StaticEditorFlags: 0
  m_IsActive: 1
--- !u!4 &5007262472505013291
Transform:
  m_ObjectHideFlags: 0
  m_CorrespondingSourceObject: {fileID: 0}
  m_PrefabInstance: {fileID: 0}
  m_PrefabAsset: {fileID: 0}
  m_GameObject: {fileID: 5007262472505013292}
  m_LocalRotation: {x: -0, y: -0, z: -0, w: 1}
  m_LocalPosition: {x: 0, y: 0, z: 0}
  m_LocalScale: {x: 1, y: 1, z: 1}
  m_Children: []
  m_Father: {fileID: 5007262471349508528}
  m_RootOrder: 0
  m_LocalEulerAnglesHint: {x: 0, y: 0, z: 0}
--- !u!1 &7857249957260375354
GameObject:
  m_ObjectHideFlags: 0
  m_CorrespondingSourceObject: {fileID: 0}
  m_PrefabInstance: {fileID: 0}
  m_PrefabAsset: {fileID: 0}
  serializedVersion: 6
  m_Component:
  - component: {fileID: 7084679693309379547}
  m_Layer: 0
  m_Name: BackPlate
  m_TagString: Untagged
  m_Icon: {fileID: 0}
  m_NavMeshLayer: 0
  m_StaticEditorFlags: 0
  m_IsActive: 1
--- !u!4 &7084679693309379547
Transform:
  m_ObjectHideFlags: 0
  m_CorrespondingSourceObject: {fileID: 0}
  m_PrefabInstance: {fileID: 0}
  m_PrefabAsset: {fileID: 0}
  m_GameObject: {fileID: 7857249957260375354}
  m_LocalRotation: {x: 0, y: 0, z: 0, w: 1}
  m_LocalPosition: {x: 0, y: 0, z: 0.008}
  m_LocalScale: {x: 1, y: 1, z: 1}
  m_Children:
  - {fileID: 6673337245201212355}
  m_Father: {fileID: 5007262471349508528}
  m_RootOrder: 2
  m_LocalEulerAnglesHint: {x: 0, y: 0, z: 0}
--- !u!1 &8030010478052691617
GameObject:
  m_ObjectHideFlags: 0
  m_CorrespondingSourceObject: {fileID: 0}
  m_PrefabInstance: {fileID: 0}
  m_PrefabAsset: {fileID: 0}
  serializedVersion: 6
  m_Component:
  - component: {fileID: 6361470637189102123}
  m_Layer: 0
  m_Name: CompressableButtonVisuals
  m_TagString: Untagged
  m_Icon: {fileID: 0}
  m_NavMeshLayer: 0
  m_StaticEditorFlags: 0
  m_IsActive: 1
--- !u!4 &6361470637189102123
Transform:
  m_ObjectHideFlags: 0
  m_CorrespondingSourceObject: {fileID: 0}
  m_PrefabInstance: {fileID: 0}
  m_PrefabAsset: {fileID: 0}
  m_GameObject: {fileID: 8030010478052691617}
  m_LocalRotation: {x: 0, y: 0, z: 0, w: 1}
  m_LocalPosition: {x: 0, y: 0, z: 0.008}
  m_LocalScale: {x: 1, y: 1, z: 1}
  m_Children:
  - {fileID: 5007262471433081040}
  m_Father: {fileID: 5007262471349508528}
  m_RootOrder: 1
  m_LocalEulerAnglesHint: {x: 0, y: 0, z: 0}
--- !u!1001 &1820455752378033990
PrefabInstance:
  m_ObjectHideFlags: 0
  serializedVersion: 2
  m_Modification:
    m_TransformParent: {fileID: 7090950454829079239}
    m_Modifications:
    - target: {fileID: 6646979266349967768, guid: f453d075f5da64a4fafe141b3dbcbdec, type: 3}
      propertyPath: m_Materials.Array.data[0]
      value: 
      objectReference: {fileID: 0}
    - target: {fileID: 6646979266349967844, guid: f453d075f5da64a4fafe141b3dbcbdec, type: 3}
      propertyPath: m_Pivot.x
      value: 0.5
      objectReference: {fileID: 0}
    - target: {fileID: 6646979266349967844, guid: f453d075f5da64a4fafe141b3dbcbdec, type: 3}
      propertyPath: m_Pivot.y
      value: 0.5
      objectReference: {fileID: 0}
    - target: {fileID: 6646979266349967844, guid: f453d075f5da64a4fafe141b3dbcbdec, type: 3}
      propertyPath: m_RootOrder
      value: 1
      objectReference: {fileID: 0}
    - target: {fileID: 6646979266349967844, guid: f453d075f5da64a4fafe141b3dbcbdec, type: 3}
      propertyPath: m_AnchorMax.x
      value: 0.5
      objectReference: {fileID: 0}
    - target: {fileID: 6646979266349967844, guid: f453d075f5da64a4fafe141b3dbcbdec, type: 3}
      propertyPath: m_AnchorMax.y
      value: 0.5
      objectReference: {fileID: 0}
    - target: {fileID: 6646979266349967844, guid: f453d075f5da64a4fafe141b3dbcbdec, type: 3}
      propertyPath: m_AnchorMin.x
      value: 0.5
      objectReference: {fileID: 0}
    - target: {fileID: 6646979266349967844, guid: f453d075f5da64a4fafe141b3dbcbdec, type: 3}
      propertyPath: m_AnchorMin.y
      value: 0.5
      objectReference: {fileID: 0}
    - target: {fileID: 6646979266349967844, guid: f453d075f5da64a4fafe141b3dbcbdec, type: 3}
      propertyPath: m_SizeDelta.x
      value: 0.032
      objectReference: {fileID: 0}
    - target: {fileID: 6646979266349967844, guid: f453d075f5da64a4fafe141b3dbcbdec, type: 3}
      propertyPath: m_SizeDelta.y
      value: 0.01953
      objectReference: {fileID: 0}
    - target: {fileID: 6646979266349967844, guid: f453d075f5da64a4fafe141b3dbcbdec, type: 3}
      propertyPath: m_LocalPosition.x
      value: 0
      objectReference: {fileID: 0}
    - target: {fileID: 6646979266349967844, guid: f453d075f5da64a4fafe141b3dbcbdec, type: 3}
      propertyPath: m_LocalPosition.y
      value: 0
      objectReference: {fileID: 0}
    - target: {fileID: 6646979266349967844, guid: f453d075f5da64a4fafe141b3dbcbdec, type: 3}
      propertyPath: m_LocalPosition.z
      value: 0
      objectReference: {fileID: 0}
    - target: {fileID: 6646979266349967844, guid: f453d075f5da64a4fafe141b3dbcbdec, type: 3}
      propertyPath: m_LocalRotation.w
      value: 1
      objectReference: {fileID: 0}
    - target: {fileID: 6646979266349967844, guid: f453d075f5da64a4fafe141b3dbcbdec, type: 3}
      propertyPath: m_LocalRotation.x
      value: -0
      objectReference: {fileID: 0}
    - target: {fileID: 6646979266349967844, guid: f453d075f5da64a4fafe141b3dbcbdec, type: 3}
      propertyPath: m_LocalRotation.y
      value: -0
      objectReference: {fileID: 0}
    - target: {fileID: 6646979266349967844, guid: f453d075f5da64a4fafe141b3dbcbdec, type: 3}
      propertyPath: m_LocalRotation.z
      value: -0
      objectReference: {fileID: 0}
    - target: {fileID: 6646979266349967844, guid: f453d075f5da64a4fafe141b3dbcbdec, type: 3}
      propertyPath: m_AnchoredPosition.x
      value: 0
      objectReference: {fileID: 0}
    - target: {fileID: 6646979266349967844, guid: f453d075f5da64a4fafe141b3dbcbdec, type: 3}
      propertyPath: m_AnchoredPosition.y
      value: -0.00614
      objectReference: {fileID: 0}
    - target: {fileID: 6646979266349967844, guid: f453d075f5da64a4fafe141b3dbcbdec, type: 3}
      propertyPath: m_LocalEulerAnglesHint.x
      value: 0
      objectReference: {fileID: 0}
    - target: {fileID: 6646979266349967844, guid: f453d075f5da64a4fafe141b3dbcbdec, type: 3}
      propertyPath: m_LocalEulerAnglesHint.y
      value: 0
      objectReference: {fileID: 0}
    - target: {fileID: 6646979266349967844, guid: f453d075f5da64a4fafe141b3dbcbdec, type: 3}
      propertyPath: m_LocalEulerAnglesHint.z
      value: 0
      objectReference: {fileID: 0}
    - target: {fileID: 6646979266349967845, guid: f453d075f5da64a4fafe141b3dbcbdec, type: 3}
      propertyPath: m_Name
      value: Description
      objectReference: {fileID: 0}
    - target: {fileID: 6646979266349967847, guid: f453d075f5da64a4fafe141b3dbcbdec, type: 3}
      propertyPath: m_HorizontalAlignment
      value: 1
      objectReference: {fileID: 0}
    m_RemovedComponents: []
  m_SourcePrefab: {fileID: 100100000, guid: f453d075f5da64a4fafe141b3dbcbdec, type: 3}
--- !u!224 &5007262472355319458 stripped
RectTransform:
  m_CorrespondingSourceObject: {fileID: 6646979266349967844, guid: f453d075f5da64a4fafe141b3dbcbdec, type: 3}
  m_PrefabInstance: {fileID: 1820455752378033990}
  m_PrefabAsset: {fileID: 0}
--- !u!114 &5007262472355319457 stripped
MonoBehaviour:
  m_CorrespondingSourceObject: {fileID: 6646979266349967847, guid: f453d075f5da64a4fafe141b3dbcbdec, type: 3}
  m_PrefabInstance: {fileID: 1820455752378033990}
  m_PrefabAsset: {fileID: 0}
  m_GameObject: {fileID: 0}
  m_Enabled: 1
  m_EditorHideFlags: 0
  m_Script: {fileID: 11500000, guid: 9541d86e2fd84c1d9990edf0852d74ab, type: 3}
  m_Name: 
  m_EditorClassIdentifier: 
--- !u!1001 &5803478509347668428
PrefabInstance:
  m_ObjectHideFlags: 0
  serializedVersion: 2
  m_Modification:
    m_TransformParent: {fileID: 7090950454829079239}
    m_Modifications:
    - target: {fileID: 600313470219153886, guid: c40b7544c7366f94394c83865c320410, type: 3}
      propertyPath: m_Name
      value: Title
      objectReference: {fileID: 0}
    - target: {fileID: 2813823045339169052, guid: c40b7544c7366f94394c83865c320410, type: 3}
      propertyPath: m_Materials.Array.data[0]
      value: 
      objectReference: {fileID: 0}
    - target: {fileID: 6750976262492370869, guid: c40b7544c7366f94394c83865c320410, type: 3}
      propertyPath: m_HorizontalAlignment
      value: 1
      objectReference: {fileID: 0}
    - target: {fileID: 7560449273227447319, guid: c40b7544c7366f94394c83865c320410, type: 3}
      propertyPath: m_Pivot.x
      value: 0.5
      objectReference: {fileID: 0}
    - target: {fileID: 7560449273227447319, guid: c40b7544c7366f94394c83865c320410, type: 3}
      propertyPath: m_Pivot.y
      value: 0.5
      objectReference: {fileID: 0}
    - target: {fileID: 7560449273227447319, guid: c40b7544c7366f94394c83865c320410, type: 3}
      propertyPath: m_RootOrder
      value: 0
      objectReference: {fileID: 0}
    - target: {fileID: 7560449273227447319, guid: c40b7544c7366f94394c83865c320410, type: 3}
      propertyPath: m_AnchorMax.x
      value: 0.5
      objectReference: {fileID: 0}
    - target: {fileID: 7560449273227447319, guid: c40b7544c7366f94394c83865c320410, type: 3}
      propertyPath: m_AnchorMax.y
      value: 0.5
      objectReference: {fileID: 0}
    - target: {fileID: 7560449273227447319, guid: c40b7544c7366f94394c83865c320410, type: 3}
      propertyPath: m_AnchorMin.x
      value: 0.5
      objectReference: {fileID: 0}
    - target: {fileID: 7560449273227447319, guid: c40b7544c7366f94394c83865c320410, type: 3}
      propertyPath: m_AnchorMin.y
      value: 0.5
      objectReference: {fileID: 0}
    - target: {fileID: 7560449273227447319, guid: c40b7544c7366f94394c83865c320410, type: 3}
      propertyPath: m_SizeDelta.x
      value: 0.032
      objectReference: {fileID: 0}
    - target: {fileID: 7560449273227447319, guid: c40b7544c7366f94394c83865c320410, type: 3}
      propertyPath: m_SizeDelta.y
      value: 0.00474
      objectReference: {fileID: 0}
    - target: {fileID: 7560449273227447319, guid: c40b7544c7366f94394c83865c320410, type: 3}
      propertyPath: m_LocalPosition.x
      value: 0
      objectReference: {fileID: 0}
    - target: {fileID: 7560449273227447319, guid: c40b7544c7366f94394c83865c320410, type: 3}
      propertyPath: m_LocalPosition.y
      value: 0
      objectReference: {fileID: 0}
    - target: {fileID: 7560449273227447319, guid: c40b7544c7366f94394c83865c320410, type: 3}
      propertyPath: m_LocalPosition.z
      value: 0
      objectReference: {fileID: 0}
    - target: {fileID: 7560449273227447319, guid: c40b7544c7366f94394c83865c320410, type: 3}
      propertyPath: m_LocalRotation.w
      value: 1
      objectReference: {fileID: 0}
    - target: {fileID: 7560449273227447319, guid: c40b7544c7366f94394c83865c320410, type: 3}
      propertyPath: m_LocalRotation.x
      value: -0
      objectReference: {fileID: 0}
    - target: {fileID: 7560449273227447319, guid: c40b7544c7366f94394c83865c320410, type: 3}
      propertyPath: m_LocalRotation.y
      value: -0
      objectReference: {fileID: 0}
    - target: {fileID: 7560449273227447319, guid: c40b7544c7366f94394c83865c320410, type: 3}
      propertyPath: m_LocalRotation.z
      value: -0
      objectReference: {fileID: 0}
    - target: {fileID: 7560449273227447319, guid: c40b7544c7366f94394c83865c320410, type: 3}
      propertyPath: m_AnchoredPosition.x
      value: 0
      objectReference: {fileID: 0}
    - target: {fileID: 7560449273227447319, guid: c40b7544c7366f94394c83865c320410, type: 3}
      propertyPath: m_AnchoredPosition.y
      value: 0.00904
      objectReference: {fileID: 0}
    - target: {fileID: 7560449273227447319, guid: c40b7544c7366f94394c83865c320410, type: 3}
      propertyPath: m_LocalEulerAnglesHint.x
      value: 0
      objectReference: {fileID: 0}
    - target: {fileID: 7560449273227447319, guid: c40b7544c7366f94394c83865c320410, type: 3}
      propertyPath: m_LocalEulerAnglesHint.y
      value: 0
      objectReference: {fileID: 0}
    - target: {fileID: 7560449273227447319, guid: c40b7544c7366f94394c83865c320410, type: 3}
      propertyPath: m_LocalEulerAnglesHint.z
      value: 0
      objectReference: {fileID: 0}
    m_RemovedComponents: []
  m_SourcePrefab: {fileID: 100100000, guid: c40b7544c7366f94394c83865c320410, type: 3}
--- !u!224 &4063940637297020379 stripped
RectTransform:
  m_CorrespondingSourceObject: {fileID: 7560449273227447319, guid: c40b7544c7366f94394c83865c320410, type: 3}
  m_PrefabInstance: {fileID: 5803478509347668428}
  m_PrefabAsset: {fileID: 0}
--- !u!114 &953164228154078841 stripped
MonoBehaviour:
  m_CorrespondingSourceObject: {fileID: 6750976262492370869, guid: c40b7544c7366f94394c83865c320410, type: 3}
  m_PrefabInstance: {fileID: 5803478509347668428}
  m_PrefabAsset: {fileID: 0}
  m_GameObject: {fileID: 0}
  m_Enabled: 1
  m_EditorHideFlags: 0
  m_Script: {fileID: 11500000, guid: 9541d86e2fd84c1d9990edf0852d74ab, type: 3}
  m_Name: 
  m_EditorClassIdentifier: 
